@book{elements,
  author =	"Euclid",
  title =	"Elements",
  year = 	"around 300 BC",
  note = 	"English translation by T. Heath (1956) available online",
}
% http://www.wilbourhall.org/pdfs/Heath_Euclid_II.pdf

@book{logicism,
  author = "G. Frege",
  title = "{Die Grundlagen der Arithmetik, Eine logisch-mathematische Untersuchung {\"u}ber den Begriff der Zahl}",
  year = 1884,
  note = "English title: Foundations of Arithmetic, A Logico-Mathematical Enquiry into the Concept of Number",
}

@book{predicativism,
  author = "H. Weyl",
  title = "{Das Kontinuum, Kritische Untersuchungen {\"u}ber die Grundlagen der Analysis}",
  year = 1918,
  note = "English title: The Continuum: A Critical Examination of the Foundation of Analysis",
}

@incollection{predicativism2,
  author = "S. Feferman",
  year = 2005,
  title = "Predicativity",
  editor = "S. Shapiro",
  booktitle = "{The Oxford Handbook of Philosophy of Mathematics and Logic}",
  pages = "590--624",
  publisher = "{Oxford University Press}"
}
  
@InCollection{sep_philosophy,
	author    =	{L. Horsten},
	title     =	"{Philosophy of Mathematics}",
	booktitle =	"{The Stanford Encyclopedia of Philosophy}",
	publisher = "{The Metaphysics Research Lab, Stanford}",
	editor    =	{E. Zalta},
	url       =	{\url{http://plato.stanford.edu/archives/spr2008/entries/philosophy-mathematics/}},
	year      =	{2008}
}

@Book{begriffsschrift,
  author = 	 "G. Frege",
  title = 	 "{Begriffsschrift: eine der arithmetischen nachgebildete Formelsprache des reinen Denkens}",
  year =	 1879,
}

@Article{peirce85,
  author = 	 "C. Peirce",
  title = 	 "{On the Algebra of Logic: A Contribution to the Philosophy of Notation}",
  journal =	 "{American Journal of Mathematics}",
  year =	 1885,
  volume =	 7,
  pages =	 "180--202",
}

@Article{peanoaxioms,
 author = {G. Peano},
 title = "{The principles of arithmetic, presented by a new method}",
 year = {1889},
}

@Book{principia,
  author = 	 "A. Whitehead and B. Russell",
  title = 	 "{Principia Mathematica}",
  year =	 1913,
  publisher = "{Cambridge University Press}",
}

@Article{typetheoryrussell,
  author = "B. Russell",
  title = "{Mathematical Logic as Based on the Theory of Types}",
  journal = "{American Journal of Mathematics}",
  volume = 30,
  pages = "222--262",
  year = 1908,
}

@Book{principlesrussell,
  author = "B. Russell",
  title = "{Principles of Mathematics}",
  year = 1903,
}

@Article{russellparadox,
  author = "B. Russll",
  title = "Recent work in the philosophy of mathematics",
  journal = "International Monthly",
  year = "1901",
}

@Article{grundlagen,
 author = {G. Cantor},
 title = "{Grundlagen einer allgemeinen Mannigfaltigkeitslehre. Ein mathematisch-philosophischer Versuch in der Lehre des Unendlichen}",
 journal = "{Mathematische Annalen}",
 year = {1883},
}

@Article{zermelo,
 author = {E. Zermelo},
 title = "{Untersuchungen über die Grundlagen der Mengenlehre I}",
 journal = "{Mathematische Annalen}",
 year = {1908},
 volume = 65,
 pages = "261--281",
 note = "{English title: Investigations in the foundations of set theory I}",
}

@InCollection{wienerpairs,
  author =	"N. Wiener",
  title =	"{A Simplification of the Logic of Relations}",
  booktitle =	"{From Frege to G{\"o}del}",
  editor = "J. van Heijenoort",
  pages =	"224--227",
  publisher =	"Harvard Univ. Press",
  year = 	"1967",
}

@Article{fraenkel,
 author = {A. Fraenkel},
 title = "{Zu den Grundlagen der Cantor-Zermeloschen Mengenlehre}",
 journal = "Mathematische Annalen",
 pages = "230--237",
 volume = 86,
 year = {1922},
 note = "{English title: On the Foundation of Cantor-Zermelo Set Theory}",
}

@Article{vonneumann,
  author =	"J. von Neumann",
  title =	"{Eine Axiomatisierung der Mengenlehre}",
  journal =	"{Journal f{\"u}r die reine und angewandte Mathematik}",
  volume =	"154",
  pages =	"219--240",
  year = 	"1925",
}

@article{bernays,
  author = "P. Bernays",
  title  = "{A System of Axiomatic Set Theory -- Part I}",
  journal = "Journal of Symbolic Logic",
  volume = 2,
  number = 1,
  pages  = "65--77",
  year = "1937",
}

@Article{goedelsettheory,
  author = "K. G{\"o}del",
  title = "{The Consistency of Continuum Hypothesis}",
  journal = "{Annals of Mathematics Studies}",
  publisher = "{Princeton University Press}",
  volume = 3,
  pages = "33--101",
  year = "1940",
}

@Article{tarskisettheory,
 author = "A. Tarski",
 title = "{{\"U}ber Unerreichbare Kardinalzahlen}",
 journal = "Fundamenta Mathematicae",
 volume = 30,
 pages = "176--183",
 year = 1938,
}

@InCollection{bourbakiunivers,
  author = "N. Bourbaki",
  title = "{Univers}",
  editors = "{M. Artin and A. Grothendieck and J. Verdier}",
  booktitle = "{S{\'e}minaire de G{\'e}om{\'e}trie Alg{\'e}brique du Bois Marie - Th{\'e}orie des topos et cohomologie {\'e}tale des sch{\'e}mas}",
  year = 1964,
  pages = "185--217",
  publisher = "Springer",
}

@PhDThesis{brouwer,
  author = "L. Brouwer",
  title = "Over de grondslagen der wiskunde",
  school = "Universiteit van Amsterdam",
  country = "Netherlands",
  year = "1907",
  note = "{English title: On the Foundations of Mathematics}"
}

@Article{brouwersettheory,
  author = "L. Brouwer",
  title = "{Begr{\"u}ndung der Mengenlehre unabh{\"a}ngig vom logischen Satz vom ausgeschlossenen Dritten. Erster Teil, Allgemeine Mengenlehre.}",
  journal = "Koninklijke Akademie van Wetenschappen te Amsterdam",
  year = 1918,
  number = 5,
  pages = "1--43",
}

@Article{brouwersettheory2,
  author = "L. Brouwer",
  title = "{Begr{\"u}ndung der Mengenlehre unabh{\"a}ngig vom logischen Satz vom ausgeschlossenen Dritten. Zweiter Teil, Theorie der Punktmengen}",
  journal = "Koninklijke Akademie van Wetenschappen te Amsterdam",
  year = 1919,
  number = 7,
  pages = "1--33",
}

@Article{lambdacalculus,
  author =	"A. Church",
  title =	"{An Unsolvable Problem of Elementary Number Theory}",
  journal =	"{American Journal of Mathematics}",
  volume =	"58",
  year = 	"1936",
}

@Article{churchtypes,
  author =	"A. Church",
  title =	"{A Formulation of the Simple Theory of Types}",
  journal =	"{Journal of Symbolic Logic}",
  year = 	"1940",
  volume =	"5",
  number =	"1",
  pages =	"56--68",
  doi = {10.2307/2266170}
}

@InCollection{sytemfgirard,
  author =	"J. Girard",
  title =	"{Une extension de l'interpretation de {G{\"o}del} {\`a} l'analyse, et son application {\`a} l'{\'e}limination des coupures dans l'analyse et la th{\'e}orie des types}",
  publisher =	"North-Holland",
  editor =	"J. Fenstad",
  booktitle =	"2nd Scandinavian Logic Symposium",
  year = 	"1971",
  pages =	"63--92",
}

@InProceedings{systemfreynolds,
  author =	"J. Reynolds",
  title =	"{Towards a Theory of Type Structure}",
  booktitle =	"Paris Colloq. on Programming",
  publisher =	"Springer",
  year = 	"1974",
  pages =	"408--425",
}
@InCollection{reynolds_poly,
	author =	"J. Reynolds",
	title =	"{Types, Abstraction, and Parametric Polymorphism}",
	booktitle =	"Information Processing",
	publisher =	"North-Holland",
	address =	"Amsterdam",
	year = 	"1983",
	pages =	"513--523",
}
@Article{lcf,
  author =	"R. Milner",
  title =	"Logic for computable functions: descriptions of a machine implementation",
  journal =	"ACM SIGPLAN Notices",
  volume =	"7",
  pages =	"1--6",
  year = 	"1972",
}
@Article{calcconstructions,
  author =	"T. Coquand and G. Huet",
  title =	"{The Calculus of Constructions}",
  journal =	"{Information and Computation}",
  volume =	"76",
  number =	"2/3",
  year = 	"1988",
  pages =	"95--120",
}

@PhdThesis{coquand:cc,
  author =	"T. Coquand",
  title =	"Une Th{\'e}orie des Constructions",
  school =	"Universit{\'e} Paris VII",
  year = 	"1985",
}

@InCollection{martinlof,
  author =       "P. Martin-{L\"o}f",
  booktitle =    "{Proceedings of the '73 Logic Colloquium}",
  title =        "{An Intuitionistic Theory of Types: Predicative Part}",
  publisher =    "North-Holland",
  year =         "1974",
  pages = "73--118"
}

@Article{henkintypes,
  author =	"L. Henkin",
  title =	"{Completeness in the Theory of Types}",
  journal =	"{Journal of Symbolic Logic}",
  volume =	"15",
  number =	"2",
  year = 	"1950",
  pages =	"81--91",
}

@Article{hilbertsproblems,
  author = "D. Hilbert",
  title = "{Mathematische Probleme}",
  journal = "{Nachrichten von der K{\"o}niglichen Gesellschaft der Wissenschaften zu G{\"o}ttingen}",
  pages = "253--297",
  year = 1900,
}

@Article{hilbertsprogram,
  author = "D. Hilbert",
  title = "{{\"U}ber das Unendliche}",
  journal = "{Mathematische Annalen}",
  volume = 95,
  pages = "161--90",
  year = 1926,
}

@Article{goedelcompleteness,
  author =	"K. G{\"o}del",
  journal =	"{Monatshefte f{\"u}r Mathematik und Physik}",
  title =	"{Die Vollst{\"a}ndigkeit der Axiome des Logischen Funktionenkalk{\"u}ls}",
  volume =	"37",
  pages =	"349--360",
  year = 	"1930",
  note = "{English title: The Completeness of the Axioms of the Logical Calculus of Functions}",
}

@Article{goedelincompleteness,
  author =	"K. G{\"o}del",
  journal =	"{Monatshefte f{\"u}r Mathematik und Physik}",
  title =	"{{\"U}ber formal unentscheidbare S{\"a}tze der Principia Mathematica und verwandter Systeme}",
  volume =	"38",
  pages =	"173--198",
  year = 	"1931",
  note = "{English title: On Formally Undecidable Propositions Of Principia Mathematica And Related Systems}",
}

@Article{gentzen,
  author = "G. Gentzen",
  title = "{Untersuchungen über das logische Schlie{\ss}en}",
  year = 1934,
  journal = "Math. Z.",
  volume = 39,
  note = "{English title: Investigations into Logical Deduction}",
}

@InCollection{kripke65intuitionistic,
 author =	"S. Kripke",
 title =	"{Semantical Analysis of Intuitionistic Logic I}",
 booktitle =	"{Formal Systems and Recursive Functions}",
 editor =	"J. Crossley and M. Dummett",
 publisher =	"North-Holland",
 pages =	"92--130",
 year = 	"1965",
}

@Article{lukasiewicz,
  author = "J. {\L}ukasiewicz",
  title = "{O logice trojwartosciowej}",
  journal = "Ruch Filozoficny",
  volume = "5",
  pages = "170--171",
  year = 1920,
  note = "{English title: On three-valued logic}"
}

@article{banach_tarski_paradox,
  author = {S. Banach and A. Tarski},
  title = "Sur la d{\'e}composition des ensembles de points en parties respectivement congruentes",
  journal = "{Fundamenta Mathematicae}",
  volume = 6,
  pages = "244-277",
  year = 1924
}
  
@Article{fuzzy,
  author = "L. Zadeh",
  title = "{Fuzzy sets}",
  journal = "Information and Control",
  volume = "8",
  pages = "338--353",
  number = 3,
  year = 1965,
}

@InCollection{paraconsistent,
  author =	"G. Priest",
  title =	"Paraconsistent Logic",
  booktitle =	"{Handbook of Philosophical Logic}",
  editor =	"D. Gabbay",
  publisher =	"Kluwer",
  year = 	"2002",
}

@Book{sourcebook,
  author = "J. van Heijenoort",
  year = "1967",
  title = "{From Frege To Gödel: A Source Book in Mathematical Logic, 1879-1931}",
  publisher = "Harvard Univ. Press",
}

@misc{encyclopediaphilosophy,
  author = "E. Zalta",
  title = "The Stanford Encyclopedia of Philosophy",
  note = "\url{http://plato.stanford.edu/}",
  publisher = "{The Metaphysics Research Lab, Stanford University}",
  year = 2008
}
