%% this file was generated with Florian Rabe's bib utility
@unpublished{RR:dhol:22,
  author = "C. Rothgang and F. Rabe",
  title = "{Theorem Proving in Dependently Typed Higher-Order Logic}",
  year = "2022"
}

@unpublished{RR:modlog:21,
  author = "F. Rabe and N. Roux",
  title = "{Modular Formalization of Formal Systems}",
  year = "2021"
}

@misc{cerny:bsc,
  author = "C. Cerny",
  title = "{Generating Expressions in MMT}",
  year = "2021",
  note = "Bachelor's thesis, University Erlangen-Nuremberg",
  school = "University Erlangen-Nuremberg"
}

@article{CFKR:tetrapod:19,
  author = "J. Carette and W. Farmer and M. Kohlhase and F. Rabe",
  title = "{Big Math and the One-Brain Barrier: The Tetrapod Model of Mathematical Knowledge}",
  year = "2021",
  pages = "78--87",
  journal = "The Mathematical Intelligencer",
  volume = "43",
  number = "1"
}

@article{KR:oafexp:20,
  author = "M. Kohlhase and F. Rabe",
  title = "{Experiences from Exporting Major Proof Assistant Libraries}",
  year = "2021",
  pages = "1265--1298",
  journal = "Journal of Automated Reasoning",
  volume = "65",
  number = "8"
}

@inproceedings{rabe:tde:21,
  author = "F. Rabe",
  title = "{A Language with Type-Dependent Equality}",
  year = "2021",
  pages = "211--227",
  booktitle = "Intelligent Computer Mathematics",
  editor = "F. Kamareddine and C. {Sacerdoti Coen}",
  publisher = "Springer"
}

@inproceedings{RKR:mizar:21,
  author = "C. Rothgang and A. Kornilowicz and F. Rabe",
  title = "{A New Export of the Mizar Mathematical Library}",
  year = "2021",
  pages = "205--210",
  booktitle = "Intelligent Computer Mathematics",
  editor = "F. Kamareddine and C. {Sacerdoti Coen}",
  publisher = "Springer"
}

@inproceedings{RR:soften:21,
  author = "F. Rabe and N. Roux",
  title = "{Translating Formalizations of Type Theories from Intrinsic to Extrinsic Style}",
  year = "2021",
  pages = "88--103",
  booktitle = "Proceedings of the Workshop on Logical Frameworks: Meta-Theory and Practice (LFMTP)",
  editor = "E. Pimentel and E. Tassi",
  publisher = "Open Publishing Association"
}

@unpublished{rabe:mmtsys:20,
  author = "F. Rabe",
  title = "{MMT: The Meta Meta Tool}",
  year = "2020",
  note = "see \url{https://kwarc.info/people/frabe/Research/rabe_mmtsys_20.pdf}"
}

@article{BKR:deepfair:20,
  author = "K. Ber{\v{c}}i{\v{c}} and M. Kohlhase and F. Rabe",
  title = "{(Deep) FAIR Mathematics}",
  year = "2020",
  pages = "7--17",
  journal = "it - Information Technology",
  volume = "62",
  number = "1"
}

@inproceedings{MKR:tgview3d:20,
  author = "R. Marcus and M. Kohlhase and F. Rabe",
  title = "{3-Dimensional Graph Visualization of Mathematical Knowledge}",
  year = "2020",
  pages = "290--296",
  booktitle = "Intelligent Computer Mathematics",
  editor = "C. Benzmüller and B. Miller",
  publisher = "Springer"
}

@inproceedings{KR:ilfsurvey:20,
  author = "C. Kaliszyk and F. Rabe",
  title = "{A Survey of Languages for Formalizing Mathematics}",
  year = "2020",
  pages = "138--156",
  booktitle = "Intelligent Computer Mathematics",
  editor = "C. Benzmüller and B. Miller",
  publisher = "Springer"
}

@inproceedings{KRSS:mmtelpi:20,
  author = "M. Kohlhase and F. Rabe and C. {Sacerdoti Coen} and J. Schaefer",
  title = "{Logic-Independent Proof Search in Logical Frameworks (short paper)}",
  year = "2020",
  pages = "395--401",
  booktitle = "Automated Reasoning",
  editor = "N. Peltier and V. Sofronie-Stokkermans",
  publisher = "Springer"
}

@inproceedings{MRRK:strucfeat:20,
  author = "D. M{\"u}ller and C. Rothgang and F. Rabe and M. Kohlhase",
  title = "{Representing Structural Language Features in Formal Meta-Languages}",
  year = "2020",
  pages = "206--221",
  booktitle = "Intelligent Computer Mathematics",
  editor = "C. Benzmüller and B. Miller",
  publisher = "Springer"
}

@inproceedings{RR:linearops:20,
  author = "F. Rabe and N. Roux",
  title = "{Structure-Preserving Diagram Operators}",
  year = "2020",
  pages = "142--163",
  booktitle = "Recent Trends in Algebraic Development Techniques",
  editor = "M. Roggenbach",
  publisher = "Springer"
}

@inproceedings{BKR:mdql:20,
  author = "K. Ber{\v{c}}i{\v{c}} and M. Kohlhase and F. Rabe",
  title = "{Towards a Heterogeneous Query Language for Mathematical Knowledge}",
  year = "2020",
  pages = "39--54",
  booktitle = "Intelligent Computer Mathematics",
  editor = "C. Benzmüller and B. Miller",
  publisher = "Springer"
}

@unpublished{tetrapod:survey:20,
  author = "K. Ber{\v{c}}i{\v{c}} and J. Carette and W. Farmer and D. M{\"u}ller and M. Kohlhase and F. Rabe and Y. Sharoda",
  title = "{The Space of Mathematical Software Systems -- A Survey of Paradigmatic Systems}",
  year = "2020",
  note = "see \url{https://arxiv.org/abs/2002.04955}"
}

@proceedings{cicm:18:wip,
  title = "{Workshop Papers at CICM 2018}",
  year = "2019",
  note = "see \url{http://ceur-ws.org/Vol-2307/}",
  editor = "O. Hasan and F. Rabe and 19 others",
  publisher = "CEUR-WS.org"
}

@phdthesis{muller:phd,
  author = "D. M{\"u}ller",
  title = "{Mathematical Knowledge Management Across Formal Libraries}",
  year = "2019",
  school = "University Erlangen-Nuremberg"
}

@misc{roux:bsc,
  author = "N. Roux",
  title = "{Refactoring of Theory Graphs in Knowledge Representation Systems}",
  year = "2019",
  note = "Bachelor's thesis, University Erlangen-Nuremberg",
  school = "University Erlangen-Nuremberg"
}

@inproceedings{RS:diagops:19,
  author = "Y. Sharoda and F. Rabe",
  title = "{Diagram Operators in MMT}",
  year = "2019",
  pages = "211--226",
  booktitle = "Intelligent Computer Mathematics",
  editor = "C. Kaliszyk and E. Brady and A. Kohlhase and C. {Sacerdoti Coen}",
  publisher = "Springer"
}

@inproceedings{BR:nondet:19,
  author = "R. Bird and F. Rabe",
  title = "{How to calculate with nondeterministic functions}",
  year = "2019",
  pages = "138--154",
  booktitle = "Mathematics of Program Construction",
  editor = "G. Hutton",
  publisher = "Springer"
}

@inproceedings{AKRW:jupyter:19,
  author = "K. Amann and M. Kohlhase and F. Rabe and T. Wiesing",
  title = "{Integrating Semantic Mathematical Documents and Dynamic Notebooks}",
  year = "2019",
  pages = "275--290",
  booktitle = "Intelligent Computer Mathematics",
  editor = "C. Kaliszyk and E. Brady and A. Kohlhase and C. {Sacerdoti Coen}",
  publisher = "Springer"
}

@inproceedings{KRW:isabelle:19,
  author = "M. Kohlhase and F. Rabe and M. Wenzel",
  title = "{Making Isabelle Content Accessible in Knowledge Representation Formats}",
  year = "2019",
  booktitle = "Types for Proofs and Programs (TYPES)",
  editor = "M. Bezem and A. Mahboubi",
  publisher = "Schloss Dagstuhl--–Leibniz Center for Informatics"
}

@inproceedings{rabe:mmttex:19,
  author = "F. Rabe",
  title = "{MMTTeX: Connecting Content and Narration-Oriented Document Formats}",
  year = "2019",
  pages = "205--210",
  booktitle = "Intelligent Computer Mathematics",
  editor = "C. Kaliszyk and E. Brady and A. Kohlhase and C. {Sacerdoti Coen}",
  publisher = "Springer"
}

@inproceedings{CKMRSW:ulo:19,
  author = "A. Condoluci and M. Kohlhase and D. M{\"u}ller and F. Rabe and C. {Sacerdoti Coen} and M. Wenzel",
  title = "{Relational Data Across Mathematical Libraries}",
  year = "2019",
  pages = "61--76",
  booktitle = "Intelligent Computer Mathematics",
  editor = "C. Kaliszyk and E. Brady and A. Kohlhase and C. {Sacerdoti Coen}",
  publisher = "Springer"
}

@inproceedings{MR:implicit:19,
  author = "D. M{\"u}ller and F. Rabe",
  title = "{Structuring Theories with Implicit Morphisms}",
  year = "2019",
  pages = "154--173",
  booktitle = "Recent Trends in Algebraic Development Techniques",
  editor = "J. Fiadeiro and I. Tutu",
  publisher = "Springer"
}

@inproceedings{MRS:coq:19,
  author = "D. M{\"u}ller and F. Rabe and C. {Sacerdoti Coen}",
  title = "{The Coq Library as a Theory Graph}",
  year = "2019",
  pages = "171--186",
  booktitle = "Intelligent Computer Mathematics",
  editor = "C. Kaliszyk and E. Brady and A. Kohlhase and C. {Sacerdoti Coen}",
  publisher = "Springer"
}

@inproceedings{BKR:data:19,
  author = "K. Ber{\v{c}}i{\v{c}} and M. Kohlhase and F. Rabe",
  title = "{Towards a Unified Mathematical Data Infrastructure: Database and Interface Generation}",
  year = "2019",
  pages = "28--43",
  booktitle = "Intelligent Computer Mathematics",
  editor = "C. Kaliszyk and E. Brady and A. Kohlhase and C. {Sacerdoti Coen}",
  publisher = "Springer"
}

@inproceedings{MR:prototyping:19,
  author = "D. M{\"u}ller and F. Rabe",
  title = "{Rapid Prototyping Formal Systems in MMT: Case Studies}",
  year = "2019",
  pages = "40--54",
  booktitle = "Logical Frameworks and Meta-languages: Theory and Practice",
  editor = "D. Miller and I. Scagnetto"
}

@inproceedings{MKR:aimathhub:19,
  author = "D. M{\"u}ller and M. Kohlhase and F. Rabe",
  title = "{How to Leverage a Large Dataset of Formalized Mathematics with Machine Learning?}",
  year = "2019",
  booktitle = "Conference on Artificial Intelligence and Theorem Proving",
  editor = "T. Hales and C. Kaliszyk and R. Kumar and S. Schulz and J. Urban"
}

@proceedings{RFPY:cicm:18,
  title = "{Intelligent Computer Mathematics}",
  year = "2018",
  note = "see \url{https://www.springer.com/book/9783319968117}",
  editor = "F. Rabe and W. Farmer and G. Passmore and A. Youssef",
  publisher = "Springer"
}

@article{rabe:recon:17,
  author = "F. Rabe",
  title = "{A Modular Type Reconstruction Algorithm}",
  year = "2018",
  pages = "1--43",
  journal = "ACM Transactions on Computational Logic",
  volume = "19",
  number = "4"
}

@article{KKTMR:mpd:17,
  author = "T. Koprucki and M. Kohlhase and K. Tabelow and D. M{\"u}ller and F. Rabe",
  title = "{Model pathway diagrams for the representation of mathematical models}",
  year = "2018",
  journal = "Optical and Quantum Electronics",
  volume = "50",
  number = "70"
}

@inproceedings{MKR:viewfinder:18,
  author = "D. M{\"u}ller and M. Kohlhase and F. Rabe",
  title = "{Automatically Finding Theory Morphisms for Knowledge Management}",
  year = "2018",
  pages = "209--224",
  booktitle = "Intelligent Computer Mathematics",
  editor = "F. Rabe and W. Farmer and G. Passmore and A. Youssef",
  publisher = "Springer"
}

@inproceedings{MRK:modelsof:18,
  author = "D. M{\"u}ller and F. Rabe and M. Kohlhase",
  title = "{Theories as Types}",
  year = "2018",
  pages = "575--590",
  booktitle = "Automated Reasoning",
  editor = "D. Galmiche and S. Schulz and R. Sebastiani",
  publisher = "Springer"
}

@inproceedings{MR:implicit:18,
  author = "D. M{\"u}ller and F. Rabe",
  title = "{Structuring Theories with Implicit Morphisms}",
  year = "2018",
  booktitle = "Workshop on Algebraic Development Techniques",
  editor = "J. Fiadeiro and I. Tutu"
}

@misc{rabe:service:students,
  author = "F. Rabe",
  title = "{Advice for Students}",
  year = "2018",
  note = "see \url{https://github.com/florian-rabe/Teaching/blob/master/general/advice_for_students.pdf}"
}

@proceedings{GEHRT:cicm:17,
  title = "{Intelligent Computer Mathematics}",
  year = "2017",
  note = "see \url{http://www.springer.com/gp/book/9783319620749}",
  editor = "H. Geuvers and M. England and O. Hasan and F. Rabe and O. Teschke",
  publisher = "Springer"
}

@proceedings{MR:lfmtp:17,
  title = "{LFMTP: Proceedings of the Workshop on Logical Frameworks: Meta-Theory and Practice}",
  year = "2017",
  note = "see \url{http://dl.acm.org/citation.cfm?id=3130261}",
  editor = "M. Miculan and F. Rabe",
  publisher = "ACM"
}

@proceedings{MR:lfmtpwip:17,
  title = "{LFMTP: Work-in-Progress Proceedings of the Workshop on Logical Frameworks: Meta-Theory and Practice}",
  year = "2017",
  note = "see \url{https://www.dimi.uniud.it/la-ricerca/pubblicazioni/preprints/5.2017/}",
  editor = "M. Miculan and F. Rabe",
  publisher = "University of Udine, Department of Science, Mathematics, Computer Science, and Physics"
}

@misc{rothgang:bsc,
  author = "C. Rothgang",
  title = "{Theories as inductive types}",
  year = "2017",
  note = "Bachelor's thesis, Jacobs University Bremen",
  school = "Jacobs University Bremen"
}

@phdthesis{iancu:phd,
  author = "M. Iancu",
  title = "{Towards Flexiformal Mathematics}",
  year = "2017",
  school = "Jacobs University Bremen"
}

@article{rabe:howto:14,
  author = "F. Rabe",
  title = "{How to Identify, Translate, and Combine Logics?}",
  year = "2017",
  pages = "1753--1798",
  journal = "Journal of Logic and Computation",
  volume = "27",
  number = "6"
}

@article{rabe:maxioms:16,
  author = "F. Rabe",
  title = "{Morphism Axioms}",
  year = "2017",
  pages = "55--80",
  journal = "Theoretical Computer Science",
  volume = "691"
}

@article{universality:16,
  author = "G. Dowek and C. Dubois and B. Pientka and F. Rabe",
  title = "{Universality of Proofs (Dagstuhl Seminar 16421)}",
  year = "2017",
  note = "see \url{http://drops.dagstuhl.de/opus/volltexte/2017/6951/}",
  pages = "75--98",
  journal = "Dagstuhl Reports by Schloss Dagstuhl--Leibniz-Zentrum fuer Informatik",
  volume = "6",
  number = "10"
}

@inproceedings{CMR:colimits:16,
  author = "M. Codescu and T. Mossakowski and F. Rabe",
  title = "{Canonical Selection of Colimits}",
  year = "2017",
  pages = "170--188",
  booktitle = "Recent Trends in Algebraic Development Techniques",
  editor = "P. James and M. Roggenbach",
  publisher = "Springer"
}

@inproceedings{GKKMR:alignments:17,
  author = "D. M{\"u}ller and T. Gauthier and C. Kaliszyk and M. Kohlhase and F. Rabe",
  title = "{Classification of Alignments between Concepts of Formal Mathematical Systems}",
  year = "2017",
  pages = "83--98",
  booktitle = "Intelligent Computer Mathematics",
  editor = "H. Geuvers and M. England and O. Hasan and F. Rabe and O. Teschke",
  publisher = "Springer"
}

@inproceedings{ODK:interop:17,
  author = "M. Kohlhase and D. M{\"u}ller and M. Pfeiffer and F. Rabe and N. Thi{\'e}ry and V. Vasilyev and T. Wiesing",
  title = "{Knowledge-Based Interoperability for Mathematical Software Systems}",
  year = "2017",
  pages = "195--210",
  booktitle = "Mathematical Aspects of Computer and Information Sciences",
  editor = "J. Bl{\"o}mer and I. Kotsireas and T. Kutsia and D. Simos",
  publisher = "Springer"
}

@inproceedings{KMOR:pvs:17,
  author = "M. Kohlhase and D. M{\"u}ller and S. Owre and F. Rabe",
  title = "{Making PVS Accessible to Generic Services by Interpretation in a Universal Format}",
  year = "2017",
  pages = "319--335",
  booktitle = "Interactive Theorem Proving",
  editor = "M. Ayala-Rincon and C. Munoz",
  publisher = "Springer"
}

@inproceedings{WKR:virtual:17,
  author = "T. Wiesing and M. Kohlhase and F. Rabe",
  title = "{Virtual Theories -- A Uniform Interface to Mathematical Knowledge Bases}",
  year = "2017",
  pages = "243--257",
  booktitle = "Mathematical Aspects of Computer and Information Sciences",
  editor = "J. Bl{\"o}mer and I. Kotsireas and T. Kutsia and D. Simos",
  publisher = "Springer"
}

@inproceedings{MRLR:alignments:17,
  author = "D. M{\"u}ller and C. Rothgang and Y. Liu and F. Rabe",
  title = "{Alignment-based Translations Across Formal Systems Using Interface Theories}",
  year = "2017",
  pages = "77--93",
  booktitle = "Proof eXchange for Theorem Proving",
  editor = "C. Dubois and B. {Woltzenlogel Paleo}",
  publisher = "Open Publishing Association"
}

@inproceedings{rabe:cons:16,
  author = "F. Rabe",
  title = "{The MMT Perspective on Conservativity}",
  year = "2017",
  pages = "17--33",
  booktitle = " Logical and Semantic Frameworks, with Applications",
  editor = "S. Alves and R. Wassermann"
}

@book{rabe:notes:ad,
  author = "F. Rabe",
  title = "{Lecture Notes on Algorithms and Data Structures}",
  year = "2017",
  note = "see \url{https://github.com/florian-rabe/Teaching/tree/master/AaDS_17}"
}

@book{rabe:notes:sd,
  author = "F. Rabe",
  title = "{Lecture Notes on Secure and Dependable Systems}",
  year = "2017",
  note = "see \url{https://github.com/florian-rabe/Teaching/tree/master/SaDS_17}"
}

@article{KR:qed:14,
  author = "M. Kohlhase and F. Rabe",
  title = "{QED Reloaded: Towards a Pluralistic Formal Library of Mathematical Knowledge}",
  year = "2016",
  pages = "201--234",
  journal = "Journal of Formalized Reasoning",
  volume = "9",
  number = "1"
}

@inproceedings{ODK:mitm:16,
  author = "P. Dehaye and M. Iancu and M. Kohlhase and A. Konovalov and S. Leli{\`e}vre and D. M{\"u}ller and M. Pfeiffer and F. Rabe and N. Thi{\'e}ry and T. Wiesing",
  title = "{Interoperability in the OpenDreamKit Project: The Math-in-the-Middle Approach}",
  year = "2016",
  pages = "117--131",
  booktitle = "Intelligent Computer Mathematics",
  editor = "M. Kohlhase and L. {de Moura} and M. Johansson and B. Miller and F. Tompa",
  publisher = "Springer"
}

@inproceedings{KRS:thf1:16,
  author = "C. Kaliszyk and F. Rabe and G. Sutcliffe",
  title = "{TH1: The TPTP Typed Higher-Order Form with Rank-1 Polymorphism}",
  year = "2016",
  pages = "41--55",
  booktitle = "Workshop on Practical Aspects of Automated Reasoning",
  editor = "P. Fontaine and S. Schulz and J. Urban"
}

@inproceedings{KKMR:alignments:16,
  author = "C. Kaliszyk and M. Kohlhase and D. M{\"u}ller and F. Rabe",
  title = "{A Standard for Aligning Mathematical Concepts}",
  year = "2016",
  pages = "229--244",
  booktitle = "Work in Progress at CICM 2016",
  editor = "A. Kohlhase and M. Kohlhase and P. Libbrecht and B. Miller and F. Tompa and A. Naummowicz and W. Neuper and P. Quaresma and M. Suda",
  publisher = "CEUR-WS.org"
}

@inproceedings{rabe:mmt:standard:16,
  author = "R. Kumar and F. Rabe",
  title = "{Breakout session on A standard for system integration and proof interchange}",
  year = "2016",
  pages = "94--94",
  booktitle = "Dagstuhl Seminar on Universality of Proofs",
  editor = "G. Dowek and C. Dubois and B. Pientka and F. Rabe",
  publisher = "Schloss Dagstuhl--Leibniz-Zentrum fuer Informatik"
}

@inproceedings{rabe:mmt:universality:16,
  author = "F. Rabe",
  title = "{MMT: A UniFormal Approach to Knowledge Representation}",
  year = "2016",
  pages = "88--88",
  booktitle = "Dagstuhl Seminar on Universality of Proofs",
  editor = "G. Dowek and C. Dubois and B. Pientka and F. Rabe",
  publisher = "Schloss Dagstuhl--Leibniz-Zentrum fuer Informatik"
}

@inproceedings{CMR:selecting:16,
  author = "M. Codescu and T. Mossakowski and F. Rabe",
  title = "{Selecting Colimits for Parameterisation and Networks of Specifications}",
  year = "2016",
  booktitle = "Workshop on Algebraic Development Techniques",
  editor = "M. Roggenbach and P. James"
}

@book{rabe:notes:logic,
  author = "F. Rabe",
  title = "{Integrated Lecture Notes on Logic (2008--2016)}",
  year = "2016",
  note = "see \url{https://github.com/florian-rabe/Teaching/blob/master/logic/notes_logic.pdf}"
}

@misc{nadrag:bsc,
  author = "R. Nadrag",
  title = "{Towards Integrating Mathematical Libraries via Alignments}",
  year = "2015",
  note = "Bachelor's thesis, Jacobs University Bremen",
  school = "Jacobs University Bremen"
}

@unpublished{rabe:theoexp:15,
  author = "F. Rabe",
  title = "{Theory Expressions (A Survey)}",
  year = "2015",
  note = "see \url{https://kwarc.info/people/frabe/Research/rabe_theoexp_15.pdf}"
}

@proceedings{KCKRS:cicm:15,
  title = "{Intelligent Computer Mathematics}",
  year = "2015",
  note = "see \url{http://www.springer.com/gp/book/9783319206141}",
  editor = "M. Kerber and J. Carette and C. Kaliszyk and F. Rabe and V. Sorge",
  publisher = "Springer"
}

@article{rabe:lax:14,
  author = "F. Rabe",
  title = "{Lax Theory Morphisms}",
  year = "2015",
  journal = "ACM Transactions on Computational Logic",
  volume = "17",
  number = "1"
}

@article{rabe:future:15,
  author = "F. Rabe",
  title = "{The Future of Logic: Foundation-Independence}",
  year = "2015",
  note = "10.1007/s11787-015-0132-x; Winner of the Contest ``The Future of Logic'' at the World Congress on Universal Logic",
  pages = "1--20",
  journal = "Logica Universalis",
  volume = "10",
  number = "1"
}

@inproceedings{HR:tptp:12,
  author = "F. Horozal and F. Rabe",
  title = "{Formal Logic Definitions for Interchange Languages}",
  year = "2015",
  pages = "171--186",
  booktitle = "Intelligent Computer Mathematics",
  editor = "M. Kerber and J. Carette and C. Kaliszyk and F. Rabe and V. Sorge",
  publisher = "Springer"
}

@inproceedings{rabe:literals:14,
  author = "F. Rabe",
  title = "{Generic Literals}",
  year = "2015",
  pages = "102--117",
  booktitle = "Intelligent Computer Mathematics",
  editor = "M. Kerber and J. Carette and C. Kaliszyk and F. Rabe and V. Sorge",
  publisher = "Springer"
}

@misc{project:oaf,
  author = "M. Kohlhase and F. Rabe",
  title = "{The OAF Project}",
  year = "2014",
  note = "see \url{https://kwarc.info/projects/oaf/}"
}

@phdthesis{horozal:phd,
  author = "F. Horozal",
  title = "{A Framework for Defining Declarative Languages}",
  year = "2014",
  school = "Jacobs University Bremen"
}

@inproceedings{HRK:sequences:14,
  author = "F. Horozal and F. Rabe and M. Kohlhase",
  title = "{Flexary Operators for Formalized Mathematics}",
  year = "2014",
  pages = "312--327",
  booktitle = "Intelligent Computer Mathematics",
  editor = "S. Watt and J. Davenport and A. Sexton and P. Sojka and J. Urban",
  publisher = "Springer"
}

@inproceedings{KR:hollight:14,
  author = "C. Kaliszyk and F. Rabe",
  title = "{Towards Knowledge Management for HOL Light}",
  year = "2014",
  pages = "357--372",
  booktitle = "Intelligent Computer Mathematics",
  editor = "S. Watt and J. Davenport and A. Sexton and P. Sojka and J. Urban",
  publisher = "Springer"
}

@inproceedings{rabe:ui:14,
  author = "F. Rabe",
  title = "{A Logic-Independent IDE}",
  year = "2014",
  pages = "48--60",
  booktitle = "Workshop on User Interfaces for Theorem Provers",
  editor = "C. Benzm{\"u}ller and B. {Woltzenlogel Paleo}",
  publisher = "Elsevier"
}

@inproceedings{rabe:mmtobjects:14,
  author = "F. Rabe",
  title = "{MMT Objects}",
  year = "2014",
  booktitle = "Workshops and Work in Progress at CICM 2014: OpenMath Workshop",
  editor = "M. England and J. Davenport and A. Kohlhase and M. Kohlhase and P. Libbrecht and W. Neuper and P. Quaresma and A. Sexton and P. Sojka and J. Urban and S. Watt",
  publisher = "CEUR-WS.org"
}

@phdthesis{rabe:habil:14,
  type = "Habilitation thesis",
  author = "F. Rabe",
  title = "{A Scalable Logical Framework}",
  year = "2014",
  note = "see \url{http://kwarc.info/frabe/Research/rabe_habil_14.pdf}",
  school = "Jacobs University Bremen"
}

@misc{luecke:bsc,
  author = "T. L{\"u}cke",
  title = "{A Description Operator for First-Order-Logic}",
  year = "2013",
  note = "Bachelor's thesis, Jacobs University Bremen",
  school = "Jacobs University Bremen"
}

@proceedings{LangeEA:cicmws:13,
  title = "{Workshops and Work in Progress at CICM 2013}",
  year = "2013",
  editor = "C. Lange and D. Aspinall and J. Carette and J. Davenport and A. Kohlhase and M. Kohlhase and P. Libbrecht and P. Quaresma and F. Rabe and P. Sojka and I. Whiteside and W. Windsteiger",
  publisher = "CEUR-WS.org"
}

@misc{mance:bsc,
  author = "F. Mance",
  title = "{A Practical OpenMath Machine}",
  year = "2013",
  note = "Bachelor's thesis, Jacobs University Bremen",
  school = "Jacobs University Bremen"
}

@article{rabe:combining:10,
  author = "F. Rabe",
  title = "{A Logical Framework Combining Model and Proof Theory}",
  year = "2013",
  pages = "945--1001",
  journal = "Mathematical Structures in Computer Science",
  volume = "23",
  number = "5"
}

@article{RK:mmt:10,
  author = "F. Rabe and M. Kohlhase",
  title = "{A Scalable Module System}",
  year = "2013",
  pages = "1--54",
  journal = "Information and Computation",
  volume = "230",
  number = "1"
}

@article{RS:logrels:12,
  author = "F. Rabe and K. Sojakova",
  title = "{Logical Relations for a Logical Framework}",
  year = "2013",
  pages = "1--34",
  journal = "ACM Transactions on Computational Logic",
  volume = "14",
  number = "4"
}

@article{IKRU:mizar:11,
  author = "M. Iancu and M. Kohlhase and F. Rabe and J. Urban",
  title = "{The Mizar Mathematical Library in OMDoc: Translation and Applications}",
  year = "2013",
  pages = "191--202",
  journal = "Journal of Automated Reasoning",
  volume = "50",
  number = "2"
}

@inproceedings{KMR:uom:13,
  author = "M. Kohlhase and F. Mance and F. Rabe",
  title = "{A Universal Machine for Biform Theory Graphs}",
  year = "2013",
  pages = "82--97",
  booktitle = "Intelligent Computer Mathematics",
  editor = "J. Carette and D. Aspinall and C. Lange and P. Sojka and W. Windsteiger",
  publisher = "Springer"
}

@inproceedings{CHJMR:compiling:12,
  author = "M. Codescu and F. Horozal and A. Jakubauskas and T. Mossakowski and F. Rabe",
  title = "{Compiling Logics}",
  year = "2013",
  pages = "111--126",
  booktitle = "Recent Trends in Algebraic Development Techniques 2012",
  editor = "N. Mart{\'i}-Oliet and M. Palomino",
  publisher = "Springer"
}

@inproceedings{rabe:mmtabs:13,
  author = "F. Rabe",
  title = "{The MMT API: A Generic MKM System}",
  year = "2013",
  pages = "339--343",
  booktitle = "Intelligent Computer Mathematics",
  editor = "J. Carette and D. Aspinall and C. Lange and P. Sojka and W. Windsteiger",
  publisher = "Springer"
}

@inproceedings{IMR:mmtrepl:13,
  author = "M. Iancu and F. Mance and F. Rabe",
  title = "{The Scala-REPL + MMT as a lightweight mathematical user interface}",
  year = "2013",
  booktitle = "Workshops and Work in Progress at CICM 2013: Mathematical User Interfaces (MathUI)",
  editor = "C. Lange and D. Aspinall and J. Carette and J. Davenport and A. Kohlhase and M. Kohlhase and P. Libbrecht and P. Quaresma and F. Rabe and P. Sojka and I. Whiteside and W. Windsteiger",
  publisher = "CEUR-WS.org"
}

@mastersthesis{dumbrava:msc,
  author = "S. Dumbrava",
  title = "{A Type Theory based on Reflection}",
  year = "2012",
  school = "Jacobs University Bremen"
}

@misc{alecu:bsc,
  author = "M. Alecu",
  title = "{Generic unification for type theories}",
  year = "2012",
  note = "Bachelor's thesis, Jacobs University Bremen",
  school = "Jacobs University Bremen"
}

@misc{ignatov:bsc,
  author = "I. Ignatov",
  title = "{Modular Encoding of Type Theory}",
  year = "2012",
  note = "Bachelor's thesis, Jacobs University Bremen",
  school = "Jacobs University Bremen"
}

@unpublished{rabe:reflection:12,
  author = "F. Rabe",
  title = "{A Type Theory Based on Reflection}",
  year = "2012",
  note = "see \url{https://kwarc.info/people/frabe/Research/rabe_reflection_12.pdf}"
}

@mastersthesis{iancu:msc,
  author = "M. Iancu",
  title = "{Management of Change in Declarative Languages}",
  year = "2012",
  school = "Jacobs University Bremen"
}

@mastersthesis{horozal:msc,
  author = "F. Horozal",
  title = "{Management of Change in the Web Ontology Language}",
  year = "2012",
  school = "Jacobs University Bremen"
}

@article{KR:omsemantics:12,
  author = "M. Kohlhase and F. Rabe",
  title = "{Semantics of OpenMath and MathML3}",
  year = "2012",
  pages = "235--260",
  journal = "Mathematics in Computer Science",
  volume = "6",
  number = "3"
}

@inproceedings{CHKMR:hiding:11,
  author = "M. Codescu and F. Horozal and M. Kohlhase and T. Mossakowski and F. Rabe",
  title = "{A Proof Theoretic Interpretation of Model Theoretic Hiding}",
  year = "2012",
  pages = "118--138",
  booktitle = "Recent Trends in Algebraic Development Techniques 2010",
  editor = "T. Mossakowski and H. Kreowski",
  publisher = "Springer"
}

@inproceedings{rabe:querying:12,
  author = "F. Rabe",
  title = "{A Query Language for Formal Mathematical Libraries}",
  year = "2012",
  pages = "142--157",
  booktitle = "Intelligent Computer Mathematics",
  editor = "J. Campbell and J. Carette and G. {Dos Reis} and J. Jeuring and P. Sojka and V. Sorge and M. Wenzel",
  publisher = "Springer"
}

@inproceedings{HKR:extending:12,
  author = "F. Horozal and M. Kohlhase and F. Rabe",
  title = "{Extending MKM Formats at the Statement Level}",
  year = "2012",
  pages = "64--79",
  booktitle = "Intelligent Computer Mathematics",
  editor = "J. Campbell and J. Carette and G. {Dos Reis} and J. Jeuring and P. Sojka and V. Sorge and M. Wenzel",
  publisher = "Springer"
}

@inproceedings{IR:moc:12,
  author = "M. Iancu and F. Rabe",
  title = "{Management of Change in Declarative Languages}",
  year = "2012",
  pages = "325--340",
  booktitle = "Intelligent Computer Mathematics",
  editor = "J. Campbell and J. Carette and G. {Dos Reis} and J. Jeuring and P. Sojka and V. Sorge and M. Wenzel",
  publisher = "Springer"
}

@inproceedings{CHKMRS:lfhets:11,
  author = "M. Codescu and F. Horozal and M. Kohlhase and T. Mossakowski and F. Rabe and K. Sojakova",
  title = "{Towards Logical Frameworks in the Heterogeneous Tool Set Hets}",
  year = "2012",
  pages = "139--159",
  booktitle = "Recent Trends in Algebraic Development Techniques 2010",
  editor = "T. Mossakowski and H. Kreowski",
  publisher = "Springer"
}

@inproceedings{IR:ui:12,
  author = "M. Iancu and F. Rabe",
  title = "{(Work-in-Progress) An MMT-Based User-Interface}",
  year = "2012",
  booktitle = "Workshop on User Interfaces for Theorem Provers",
  editor = "C. Kaliszyk and C. L{\"u}th"
}

@inproceedings{CHMR:compiling:12,
  author = "M. Codescu and F. Horozal and T. Mossakowski and F. Rabe",
  title = "{Compiling Logics}",
  year = "2012",
  booktitle = "Workshop on Algebraic Development Techniques"
}

@inproceedings{RS:vertrans:12,
  author = "F. Rabe and K. Sojakova",
  title = "{Mechanically Verifying Logic Translations}",
  year = "2012",
  booktitle = "Workshop on Algebraic Development Techniques"
}

@inproceedings{CHIR:casl:12,
  author = "M. Codescu and F. Horozal and I. Ignatov and F. Rabe",
  title = "{Representing CASL in a Proof-Theoretical Logical Framework}",
  year = "2012",
  booktitle = "Workshop on Algebraic Development Techniques"
}

@inproceedings{HR:patterns:12,
  author = "F. Horozal and F. Rabe",
  title = "{Representing Categories of Theories in a Proof-Theoretical Logical Framework}",
  year = "2012",
  booktitle = "Workshop on Algebraic Development Techniques"
}

@misc{zamdzhiev:bsc:math,
  author = "V. Zamdzhiev",
  title = "{Formalizing Syntactical Objects within Formalized Set Theory}",
  year = "2011",
  note = "Bachelor's thesis, Jacobs University Bremen",
  school = "Jacobs University Bremen"
}

@mastersthesis{iacob:msc,
  author = "A. Iacob",
  title = "{Towards Project-Based Workflows in Twelf}",
  year = "2011",
  school = "Jacobs University Bremen"
}

@misc{zamdzhiev:bsc:cs,
  author = "V. Zamdzhiev",
  title = "{Universal OpenMath Machine}",
  year = "2011",
  note = "Bachelor's thesis, Jacobs University Bremen",
  school = "Jacobs University Bremen"
}

@proceedings{DFRU:cicm:11,
  title = "{Intelligent Computer Mathematics}",
  year = "2011",
  note = "see \url{http://www.springer.com/gp/book/9783319206141}",
  editor = "J. Davenport and W. Farmer and F. Rabe and J. Urban",
  publisher = "Springer"
}

@proceedings{DFRU:cicmwip:11,
  title = "{Intelligent Computer Mathematics, Work-in-Progress Proceedings}",
  year = "2011",
  editor = "A. Asperti and J. Davenport and W. Farmer and F. Rabe and J. Urban",
  publisher = "University of Bologna"
}

@proceedings{GNRS:lfmtpmlpa:11,
  title = "{LFMTP 2011 - MLPA 2011 Informal Proceedings}",
  year = "2011",
  note = "see \url{http://kwarc.info/frabe/events/mlpa-11/index.html}",
  editor = "H. Geuvers and G. Nadathur and F. Rabe and C. Sch{\"u}rmann"
}

@article{IR:foundations:10,
  author = "M. Iancu and F. Rabe",
  title = "{Formalizing Foundations of Mathematics}",
  year = "2011",
  pages = "883--911",
  journal = "Mathematical Structures in Computer Science",
  volume = "21",
  number = "4"
}

@article{AR:lamkrip:11,
  author = "S. Awodey and F. Rabe",
  title = "{Kripke Semantics for Martin-L{\"o}f's Extensional Type Theory}",
  year = "2011",
  journal = "Logical Methods in Computer Science",
  volume = "7",
  number = "3"
}

@article{HR:folsound:10,
  author = "F. Horozal and F. Rabe",
  title = "{Representing Model Theory in a Type-Theoretical Logical Framework}",
  year = "2011",
  pages = "4919--4945",
  journal = "Theoretical Computer Science",
  volume = "412",
  number = "37"
}

@inproceedings{RKS:integration:11,
  author = "F. Rabe and M. Kohlhase and C. {Sacerdoti Coen}",
  title = "{A Foundational View on Integration Problems}",
  year = "2011",
  pages = "107--122",
  booktitle = "Intelligent Computer Mathematics",
  editor = "J. Davenport and W. Farmer and F. Rabe and J. Urban",
  publisher = "Springer"
}

@inproceedings{HIJKR:dimensions:11,
  author = "F. Horozal and A. Iacob and C. Jucovschi and M. Kohlhase and F. Rabe",
  title = "{Combining Source, Content, Presentation, Narration, and Relational Representation}",
  year = "2011",
  pages = "212--227",
  booktitle = "Intelligent Computer Mathematics",
  editor = "J. Davenport and W. Farmer and F. Rabe and J. Urban",
  publisher = "Springer"
}

@inproceedings{CHKMR:latinabs:11,
  author = "M. Codescu and F. Horozal and M. Kohlhase and T. Mossakowski and F. Rabe",
  title = "{Project Abstract: Logic Atlas and Integrator (LATIN)}",
  year = "2011",
  pages = "289--291",
  booktitle = "Intelligent Computer Mathematics",
  editor = "J. Davenport and W. Farmer and F. Rabe and J. Urban",
  publisher = "Springer"
}

@inproceedings{HKR:sequences:11,
  author = "F. Horozal and M. Kohlhase and F. Rabe",
  title = "{Extending OpenMath with Sequences}",
  year = "2011",
  pages = "58--72",
  booktitle = "Intelligent Computer Mathematics, Work-in-Progress Proceedings",
  editor = "A. Asperti and J. Davenport and W. Farmer and F. Rabe and J. Urban",
  publisher = "University of Bologna"
}

@techreport{IKR:mizar:11,
  author = "M. Iancu and M. Kohlhase and F. Rabe",
  title = "{Translating the Mizar Mathematical Library into OMDoc format}",
  year = "2011",
  institution = "Jacobs University Bremen",
  number = "KWARC Report-01/11"
}

@misc{rabe:service:pc,
  author = "F. Rabe",
  title = "{Advice for PC Chairs}",
  year = "2011"
}

@unpublished{RI:isabelle:10,
  author = "F. Rabe and M. Iancu",
  title = "{A Formalized Set-Theoretical Semantics of Isabelle/HOL}",
  year = "2010",
  note = "see \url{http://kwarc.info/frabe/Research/rabeEA_isabelle_10.pdf}"
}

@misc{IR:foundations-lf:10,
  author = "M. Iancu and F. Rabe",
  title = "{Formalizing Foundations of Mathematics, LF Encodings}",
  year = "2010",
  note = "see \url{https://latin.omdoc.org/wiki/FormalizingFoundations}"
}

@misc{david:bsc,
  author = "C. David",
  title = "{Interactive Documents and Computer Algebra Systems: JOBAD and Wolfram|Alpha}",
  year = "2010",
  note = "Bachelor's thesis, Jacobs University Bremen",
  school = "Jacobs University Bremen"
}

@article{rabe:bslreview:10,
  author = "F. Rabe",
  title = "{Review of ``Reasoning in Simple Type Theory -- Festschrift in Honor of Peter B. Andrews on His 70th Birthday''}",
  year = "2010",
  pages = "409--411",
  journal = "Bulletin of Symbolic Logic",
  volume = "16",
  number = "3"
}

@proceedings{RS:mlpa:10,
  title = "{MLPA '10: Proceedings of the 2nd Workshop on Modules and Libraries for Proof Assistants}",
  year = "2010",
  note = "see \url{http://kwarc.info/frabe/events/mlpa-10.html}",
  editor = "F. Rabe and C. Sch{\"u}rmann"
}

@misc{rabeEA:isabelle-lf:10,
  author = "M. Iancu and F. Rabe",
  title = "{A Formal Semantics of Isabelle/HOL}",
  year = "2010",
  note = "see \url{https://svn.kwarc.info/repos/twelf/projects/isabelle}"
}

@misc{iancu:bsc,
  author = "M. Iancu",
  title = "{Formalizing Foundations of Mathematics}",
  year = "2010",
  note = "Bachelor's thesis, Jacobs University Bremen",
  school = "Jacobs University Bremen"
}

@misc{misev:bsc,
  author = "D. Misev",
  title = "{Integrating SUMO and OMDoc}",
  year = "2010",
  note = "Bachelor's thesis, Jacobs University Bremen",
  school = "Jacobs University Bremen"
}

@mastersthesis{sojakova:msc,
  author = "K. Sojakova",
  title = "{Mechanically Verifying Logic Translations}",
  year = "2010",
  school = "Jacobs University Bremen"
}

@misc{dumbrava:bsc,
  author = "S. Dumbrava",
  title = "{Structured Specifications with Hiding in the Edinburgh Logical Framework LF}",
  year = "2010",
  note = "Bachelor's thesis, Jacobs University Bremen",
  school = "Jacobs University Bremen"
}

@inproceedings{ZKR:tntbase:10,
  author = "V. Zholudev and M. Kohlhase and F. Rabe",
  title = "{A [insert XML Format] Database for [insert cool application]}",
  year = "2010",
  booktitle = "XMLPrague 2010",
  publisher = "XMLPrague.cz"
}

@inproceedings{DKLRZ:jobaddemo:10,
  author = "C. David and M. Kohlhase and C. Lange and F. Rabe and V. Zholudev",
  title = "{Publishing Math Lecture Notes as Linked Data}",
  year = "2010",
  pages = "370--375",
  booktitle = "The Semantic Web: Research and Applications",
  editor = "L. Aroyo and G. Antoniou and E. Hyv{\"o}nen and A. {ten Teije} and H. Stuckenschmidt and L. Cabral and T. Tudorache",
  publisher = "Springer"
}

@inproceedings{KRZ:mmttnt:10,
  author = "M. Kohlhase and F. Rabe and V. Zholudev",
  title = "{Towards MKM in the Large: Modular Representation and Scalable Software Architecture}",
  year = "2010",
  pages = "370--384",
  booktitle = "Intelligent Computer Mathematics",
  editor = "S. Autexier and J. Calmet and D. Delahaye and P. Ion and L. Rideau and R. Rioboo and A. Sexton",
  publisher = "Springer"
}

@inproceedings{rabe:isalf:10,
  author = "F. Rabe",
  title = "{Representing Isabelle in LF}",
  year = "2010",
  pages = "85--100",
  booktitle = "Logical Frameworks and Meta-languages: Theory and Practice",
  editor = "K. Crary and M. Miculan",
  publisher = "Open Publishing Association"
}

@inproceedings{CHKMR:hiding:10,
  author = "M. Codescu and F. Horozal and M. Kohlhase and T. Mossakowski and F. Rabe",
  title = "{A Proof Theoretic Interpretation of Model Theoretic Hiding}",
  year = "2010",
  booktitle = "Workshop on Algebraic Development Techniques"
}

@inproceedings{DLR:jobad:10,
  author = "C. David and C. Lange and F. Rabe",
  title = "{Interactive Documents as Interfaces to Computer Algebra Systems: JOBAD and Wolfram|Alpha}",
  year = "2010",
  pages = "13--30",
  booktitle = "CALCULEMUS (Emerging Trends)",
  editor = "D. Delahaye and R. Rioboo",
  publisher = "Centre d'{\'E}tude et de Recherche en Informatique du CNAM (C{\'e}dric)"
}

@inproceedings{DKLRZ:jobadmmt:10,
  author = "C. David and M. Kohlhase and C. Lange and F. Rabe and V. Zholudev",
  title = "{JOBAD/MMT -- Interactive Mathematics}",
  year = "2010",
  note = "see \url{http://sites.google.com/a/fh-hannover.de/aimashup/home/jobad}",
  booktitle = "AI Mashup Challenge at ESWC",
  editor = "A. Giurca and B. Endres-Niggemeyer and C. Lange and L. Maicher and P. Hitzler"
}

@inproceedings{DR:filtering:10,
  author = "S. Dumbrava and F. Rabe",
  title = "{Structuring Theories with Partial Morphisms}",
  year = "2010",
  booktitle = "Workshop on Algebraic Development Techniques"
}

@inproceedings{CHKMRS:lfhets:10,
  author = "M. Codescu and F. Horozal and M. Kohlhase and T. Mossakowski and F. Rabe and K. Sojakova",
  title = "{Towards Logical Frameworks in the Heterogeneous Tool Set Hets}",
  year = "2010",
  booktitle = "Workshop on Algebraic Development Techniques"
}

@misc{rabeEA:folsound-lf:09,
  author = "F. Horozal and F. Rabe",
  title = "{A Formal Proof of the Soundness of First-order Logic}",
  year = "2009",
  note = "see \url{https://svn.kwarc.info/repos/twelf/fol-soundness.cfg}"
}

@unpublished{AR:lamkrip_long:09,
  author = "S. Awodey and F. Rabe",
  title = "{Kripke Semantics for Martin-L{\"o}f's Extensional Type Theory}",
  year = "2009",
  note = "see \url{http://kwarc.info/frabe/Research/LamKrip.pdf}"
}

@inproceedings{DHS:algebra:09,
  author = "S. Dumbrava and F. Horozal and K. Sojakova",
  title = "{A Case Study on Formalizing Algebra in a Module System}",
  year = "2009",
  pages = "11--18",
  booktitle = "Workshop on Modules and Libraries for Proof Assistants",
  editor = "F. Rabe and C. Sch{\"u}rmann",
  publisher = "ACM"
}

@misc{giceva:bsc,
  author = "J. Gi{\v{c}}eva",
  title = "{Integrating Web Services into Active Mathematical Documents}",
  year = "2009",
  note = "Bachelor's thesis, Jacobs University Bremen",
  school = "Jacobs University Bremen"
}

@misc{project:latin,
  author = "M. Kohlhase and T. Mossakowski and F. Rabe",
  title = "{The LATIN Project}",
  year = "2009",
  note = "see \url{https://kwarc.info/projects/latin/}"
}

@misc{iacob:bsc,
  author = "A. Iacob",
  title = "{Reasoning about Theory Morphisms}",
  year = "2009",
  note = "Bachelor's thesis, Jacobs University Bremen",
  school = "Jacobs University Bremen"
}

@proceedings{RS:mlpa:09,
  title = "{MLPA '09: Proceedings of the 1st Workshop on Modules and Libraries for Proof Assistants}",
  year = "2009",
  editor = "F. Rabe and C. Sch{\"u}rmann",
  publisher = "ACM"
}

@misc{project:mmtlf,
  author = "F. Rabe and C. Sch{\"u}rmann",
  title = "{A Module System for Twelf}",
  year = "2009",
  note = "see \url{https://cvs.concert.cs.cmu.edu/twelf/branches/twelf-mod}"
}

@unpublished{rabeEA:presentation:09,
  author = "M. Kohlhase and C. Lange and C. M{\"u}ller and N. M{\"u}ller and F. Rabe",
  title = "{Notations for Active Mathematical Documents}",
  year = "2009"
}

@unpublished{rabe:mmt:09,
  author = "F. Rabe",
  title = "{The MMT Language}",
  year = "2009"
}

@inproceedings{GLR:jobad:09,
  author = "J. Gi{\v{c}}eva and C. Lange and F. Rabe",
  title = "{Integrating Web Services into Active Mathematical Documents}",
  year = "2009",
  pages = "279--293",
  booktitle = "Intelligent Computer Mathematics",
  editor = "J. Carette and L. Dixon and C. {Sacerdoti Coen} and S. Watt",
  publisher = "Springer"
}

@inproceedings{AR:lamkrip:09,
  author = "S. Awodey and F. Rabe",
  title = "{Kripke Semantics for Martin-L{\"o}f's Extensional Type Theory}",
  year = "2009",
  pages = "249--263",
  booktitle = "Typed Lambda Calculi and Applications (TLCA)",
  editor = "P. Curien",
  publisher = "Springer"
}

@inproceedings{SR:dfol_fol:08,
  author = "K. Sojakova and F. Rabe",
  title = "{Translating a Dependently-Typed Logic to First-Order Logic}",
  year = "2009",
  pages = "326--341",
  booktitle = "Recent Trends in Algebraic Development Techniques",
  editor = "A. Corradini and U. Montanari",
  publisher = "Springer"
}

@inproceedings{RS:twelfmod:09,
  author = "F. Rabe and C. Sch{\"u}rmann",
  title = "{A Practical Module System for LF}",
  year = "2009",
  pages = "40--48",
  booktitle = "Proceedings of the Workshop on Logical Frameworks: Meta-Theory and Practice (LFMTP)",
  editor = "J. Cheney and A. Felty",
  publisher = "ACM Press"
}

@inproceedings{HR:folsound:09,
  author = "F. Horozal and F. Rabe",
  title = "{Representing Model Theory in a Type-Theoretical Logical Framework}",
  year = "2009",
  pages = "49--65",
  booktitle = "Fourth Workshop on Logical and Semantic Frameworks, with Applications",
  editor = "M. Ayala-Rinc{\'o}n and F. Kamareddine",
  publisher = "Elsevier"
}

@inproceedings{RK:roles:09,
  author = "F. Rabe and M. Kohlhase",
  title = "{A Better Role System for OpenMath}",
  year = "2009",
  booktitle = "Proceedings of the OpenMath workshop"
}

@techreport{KLMMR:notations-tr:2009,
  author = "M. Kohlhase and C. Lange and C. M{\"u}ller and N. M{\"u}ller and F. Rabe",
  title = "{Notations for Active Mathematical Documents}",
  year = "2009",
  institution = "Jacobs University Bremen",
  number = "2009-1"
}

@inproceedings{KR:omsemantics:09,
  author = "M. Kohlhase and F. Rabe",
  title = "{Semantics of OpenMath and MathML 3}",
  year = "2009",
  booktitle = "Proceedings of the OpenMath workshop"
}

@inproceedings{rabe:gi:09,
  author = "F. Rabe",
  title = "{Representing Logics and Logic Translations}",
  year = "2009",
  note = "English title: Outstanding Dissertations in Computer Science 2008",
  pages = "201--210",
  booktitle = "Ausgezeichnete Informatikdissertationen 2008",
  editor = "D. {Wagner et al.}",
  publisher = "Gesellschaft f{\"u}r Informatik e.V. (GI)"
}

@misc{project:mmt,
  author = "F. Rabe",
  title = "{The MMT System}",
  year = "2008",
  note = "see \url{http://uniformal.github.io/}"
}

@misc{agapie:bsc,
  author = "E. Agapie",
  title = "{Representing Functors in a Web-Scalable Module System}",
  year = "2008",
  note = "Bachelor's thesis, Jacobs University Bremen",
  school = "Jacobs University Bremen"
}

@misc{sojakova:bsc,
  author = "K. Sojakova",
  title = "{Translating Dependently-Typed Logic to First-Order Logic}",
  year = "2008",
  note = "Bachelor's thesis, Jacobs University Bremen",
  school = "Jacobs University Bremen"
}

@unpublished{rabeEA:mmtlf:08,
  author = "F. Rabe and M. Kohlhase and F. Horozal",
  title = "{Scaling LF to the Web}",
  year = "2008"
}

@inproceedings{KMR:presentation:08,
  author = "M. Kohlhase and C. M{\"u}ller and F. Rabe",
  title = "{Notations for Living Mathematical Documents}",
  year = "2008",
  pages = "504--519",
  booktitle = "Mathematical Knowledge Management",
  editor = "S. Autexier and J. Campbell and J. Rubio and V. Sorge and M. Suzuki and F. Wiedijk",
  publisher = "Springer"
}

@inproceedings{BRS:tptphol:08,
  author = "C. Benzm{\"u}ller and F. Rabe and G. Sutcliffe",
  title = "{THF0 -- The core of the TPTP Language for Higher-Order Logic}",
  year = "2008",
  pages = "491--506",
  booktitle = "4th International Joint Conference on Automated Reasoning",
  editor = "A. Armando and P. Baumgartner and G. Dowek",
  publisher = "Springer"
}

@inproceedings{RK:keappa:08,
  author = "F. Rabe and M. Kohlhase",
  title = "{An Exchange Format for Modular Knowledge}",
  year = "2008",
  pages = "50--68",
  booktitle = "Proceedings of the LPAR Workshops on Knowledge Exchange: Automated Provers and Proof Assistants, and The 7th International Workshop on the Implementation of Logics",
  editor = "G. Sutcliffe and P. Rudnicki and R. Schmidt and B. Konev and S. Schulz",
  publisher = "CEUR-WS.org"
}

@inproceedings{LMR:flyspeck:08,
  author = "C. Lange and S. McLaughlin and F. Rabe",
  title = "{Flyspeck in a Semantic Wiki}",
  year = "2008",
  pages = "67--81",
  booktitle = "Semantic Wiki Workshop",
  editor = "C. Lange and S. Schaffert and H. Skaf-Molli and M. V{\"o}lkel",
  publisher = "CEUR-WS.org"
}

@inproceedings{BRSS:eshol:08,
  author = "C. Benzm{\"u}ller and F. Rabe and C. Sch{\"u}rmann and G. Sutcliffe",
  title = "{Evaluation of Systems for Higher-order Logic (ESHOL)}",
  year = "2008",
  pages = "22--23",
  booktitle = "Workshop on Practical Aspects of Automated Reasoning at IJCAR 2008",
  editor = "B. Konev and R. Schmidt and S. Schulz",
  publisher = "CEUR-WS.org"
}

@inproceedings{SR:dfol_fol_abs:08,
  author = "K. Sojakova and F. Rabe",
  title = "{Translating Dependently-Typed Logic to First-Order Logic}",
  year = "2008",
  booktitle = "Workshop on Algebraic Development Techniques",
  editor = "A. Corradini and U. Montanari"
}

@phdthesis{rabe:thesis:08,
  author = "F. Rabe",
  title = "{Representing Logics and Logic Translations}",
  year = "2008",
  note = "see \url{http://kwarc.info/frabe/Research/phdthesis.pdf}",
  school = "Jacobs University Bremen"
}

@phdthesis{rabe:summary:08,
  author = "F. Rabe",
  title = "{Representing Logics and Logic Translations (Summary)}",
  year = "2008",
  note = "see \url{http://kwarc.info/frabe/Research/phdthesis_summary.pdf}",
  school = "Jacobs University Bremen"
}

@misc{rabeEA:catlogspecs:07,
  author = "F. Rabe and V. {de Paiva} and T. Mossakowski",
  title = "{Categorical Logic Specifications}",
  year = "2007",
  note = "see \url{http://kwarc.eecs.iu-bremen.de/frabe/Research/catlog}"
}

@misc{rabe:drafts,
  author = "F. Rabe",
  title = "{Homepage}",
  year = "2007",
  note = "see \url{http://kwarc.info/frabe/}"
}

@article{GMPRS:catlog:07,
  author = "J. Goguen and T. Mossakowski and V. {de Paiva} and F. Rabe and L. Schr{\"o}der",
  title = "{An Institutional View on Categorical Logic}",
  year = "2007",
  pages = "129--152",
  journal = "International Journal of Software and Informatics",
  volume = "1",
  number = "1"
}

@article{RPSS:moloss:07,
  author = "F. Rabe and P. Pudl{\'a}k and G. Sutcliffe and W. Shen",
  title = "{Solving the \$100 Modal Logic Challenge}",
  year = "2007",
  pages = "113--130",
  journal = "Journal of Applied Logic",
  volume = "7",
  number = "1"
}

@inproceedings{rabe:graphs:07,
  author = "F. Rabe",
  title = "{OMDoc Theory Graphs Revisited}",
  year = "2007",
  booktitle = "Proceedings of the OpenMath/JEM workshop"
}

@inproceedings{rabeEA:elisions:07,
  author = "M. Kohlhase and C. Lange and F. Rabe",
  title = "{Presenting Mathematical Content with Flexible Elisions}",
  year = "2007",
  booktitle = "Proceedings of the OpenMath/JEM workshop"
}

@inproceedings{rabe:dfol:06,
  author = "F. Rabe",
  title = "{First-Order Logic with Dependent Types}",
  year = "2006",
  pages = "377--391",
  booktitle = "Automated Reasoning",
  editor = "N. Shankar and U. Furbach",
  publisher = "Springer"
}

@inproceedings{rabe:moloss:06,
  author = "F. Rabe",
  title = "{Towards Determining the Subset Relation between Propositional Modal Logics}",
  year = "2006",
  pages = "126--140",
  booktitle = "Proceedings of the FLoC 06 Workshop on Empirically Successful Computerized Reasoning, 3rd International Joint Conference on Automated Reasoning",
  editor = "G. Sutcliffe and R. Schmidt and S. Schulz",
  publisher = "CEUR-WS.org"
}

@inproceedings{rabeEA:promela:05,
  author = "F. Rabe and S. Schlager and P. Schmitt",
  title = "{A Sequent Calculus for a First-order Dynamic Logic with Trace Modalities for Promela$^+$}",
  year = "2005",
  pages = "21--27",
  booktitle = "Short Paper Proceedings of the International Conference on Logic for Programming, Artificial Intelligence, and Reasoning"
}

@inproceedings{rabeEA:promela1:05,
  author = "F. Rabe and S. Schlager and P. Schmitt",
  title = "{A Sequent Calculus for a First-order Dynamic Logic with Trace Modalities for Promela$^+$}",
  year = "2005",
  booktitle = "Proceedings of the 17th Nordic Workshop on Programming Theory"
}

@mastersthesis{rabe:thesis:04,
  author = "F. Rabe",
  title = "{A Dynamic Logic with Temporal Operators for Promela}",
  year = "2004",
  school = "Universit{\"a}t Karlsruhe, Germany"
}

